@online{cifar10dataset,
    url = {https://www.cs.toronto.edu/~kriz/cifar.html},
    title = {Learning multiple layers of features from tiny images},
    author = {Alex Krizhevsky},
    year = {2009},
}

@InProceedings{redsdataset,
  author = {Nah, Seungjun and Baik, Sungyong and Hong, Seokil and Moon, Gyeongsik and Son, Sanghyun and Timofte, Radu and Lee, Kyoung Mu},
  title = {NTIRE 2019 Challenge on Video Deblurring and Super-Resolution: Dataset and Study},
  booktitle = {The IEEE Conference on Computer Vision and Pattern Recognition (CVPR) Workshops},
  month = {June},
  year = {2019}
}

@article{SRN-DeblurNet,
  author    = {Xin Tao and
               Hongyun Gao and
               Yi Wang and
               Xiaoyong Shen and
               Jue Wang and
               Jiaya Jia},
  title     = {Scale-recurrent Network for Deep Image Deblurring},
  journal   = {CoRR},
  volume    = {abs/1802.01770},
  year      = {2018},
  url       = {http://arxiv.org/abs/1802.01770},
  archivePrefix = {arXiv},
  eprint    = {1802.01770},
  timestamp = {Mon, 13 Aug 2018 16:46:57 +0200},
  biburl    = {https://dblp.org/rec/journals/corr/abs-1802-01770.bib},
  bibsource = {dblp computer science bibliography, https://dblp.org}
}

@article{CAESSC,
  author    = {Xiao{-}Jiao Mao and
               Chunhua Shen and
               Yu{-}Bin Yang},
  title     = {Image Restoration Using Convolutional Auto-encoders with Symmetric
               Skip Connections},
  journal   = {CoRR},
  volume    = {abs/1606.08921},
  year      = {2016},
  url       = {http://arxiv.org/abs/1606.08921},
  archivePrefix = {arXiv},
  eprint    = {1606.08921},
  timestamp = {Mon, 13 Aug 2018 16:46:23 +0200},
  biburl    = {https://dblp.org/rec/journals/corr/MaoSY16a.bib},
  bibsource = {dblp computer science bibliography, https://dblp.org}
}

@article{densenet,
  author    = {Gao Huang and
               Zhuang Liu and
               Kilian Q. Weinberger},
  title     = {Densely Connected Convolutional Networks},
  journal   = {CoRR},
  volume    = {abs/1608.06993},
  year      = {2016},
  url       = {http://arxiv.org/abs/1608.06993},
  archivePrefix = {arXiv},
  eprint    = {1608.06993},
  timestamp = {Mon, 10 Sep 2018 15:49:32 +0200},
  biburl    = {https://dblp.org/rec/journals/corr/HuangLW16a.bib},
  bibsource = {dblp computer science bibliography, https://dblp.org}
}

@article{unet,
  author    = {Olaf Ronneberger and
               Philipp Fischer and
               Thomas Brox},
  title     = {U-Net: Convolutional Networks for Biomedical Image Segmentation},
  journal   = {CoRR},
  volume    = {abs/1505.04597},
  year      = {2015},
  url       = {http://arxiv.org/abs/1505.04597},
  archivePrefix = {arXiv},
  eprint    = {1505.04597},
  timestamp = {Mon, 13 Aug 2018 16:46:52 +0200},
  biburl    = {https://dblp.org/rec/journals/corr/RonnebergerFB15.bib},
  bibsource = {dblp computer science bibliography, https://dblp.org}
}

@article{resnet,
  author    = {Kaiming He and
               Xiangyu Zhang and
               Shaoqing Ren and
               Jian Sun},
  title     = {Deep Residual Learning for Image Recognition},
  journal   = {CoRR},
  volume    = {abs/1512.03385},
  year      = {2015},
  url       = {http://arxiv.org/abs/1512.03385},
  archivePrefix = {arXiv},
  eprint    = {1512.03385},
  timestamp = {Wed, 17 Apr 2019 17:23:45 +0200},
  biburl    = {https://dblp.org/rec/journals/corr/HeZRS15.bib},
  bibsource = {dblp computer science bibliography, https://dblp.org}
}

@article{BN,
  author    = {Sergey Ioffe and
               Christian Szegedy},
  title     = {Batch Normalization: Accelerating Deep Network Training by Reducing
               Internal Covariate Shift},
  journal   = {CoRR},
  volume    = {abs/1502.03167},
  year      = {2015},
  url       = {http://arxiv.org/abs/1502.03167},
  archivePrefix = {arXiv},
  eprint    = {1502.03167},
  timestamp = {Mon, 13 Aug 2018 16:47:06 +0200},
  biburl    = {https://dblp.org/rec/journals/corr/IoffeS15.bib},
  bibsource = {dblp computer science bibliography, https://dblp.org}
}